
@article{graefe_improving_2015,
	title = {Improving forecasts using equally weighted predictors},
	volume = {68},
	issn = {01482963},
	url = {http://linkinghub.elsevier.com/retrieve/pii/S0148296315001563},
	doi = {10.1016/j.jbusres.2015.03.038},
	language = {en},
	number = {8},
	urldate = {2018-02-09},
	journal = {Journal of Business Research},
	author = {Graefe, Andreas},
	month = aug,
	year = {2015},
	pages = {1792--1799},
	file = {Graefe, A. 2014. Improving forecasts using equally weighted predictors.pdf:C\:\\Users\\Eugeni\\Zotero\\storage\\5SLAGK2G\\Graefe, A. 2014. Improving forecasts using equally weighted predictors.pdf:application/pdf}
}

@article{panter_environmental_2008,
	title = {Environmental determinants of active travel in youth: {A} review and framework for future research},
	volume = {5},
	issn = {1479-5868},
	shorttitle = {Environmental determinants of active travel in youth},
	url = {http://ijbnpa.biomedcentral.com/articles/10.1186/1479-5868-5-34},
	doi = {10.1186/1479-5868-5-34},
	language = {en},
	number = {1},
	urldate = {2018-02-09},
	journal = {International Journal of Behavioral Nutrition and Physical Activity},
	author = {Panter, Jenna R and Jones, Andrew P and van Sluijs, Esther MF},
	year = {2008},
	pages = {34},
	file = {Jenna R Panter et al. 2008. Environmental determinants of active travel in youth. A review and framework for future research.pdf:C\:\\Users\\Eugeni\\Zotero\\storage\\E6N2NIR5\\Jenna R Panter et al. 2008. Environmental determinants of active travel in youth. A review and framework for future research.pdf:application/pdf}
}

@article{dill_revisiting_2016,
	title = {Revisiting the {Four} {Types} of {Cyclists}: {Findings} from a {National} {Survey}},
	volume = {2587},
	issn = {0361-1981},
	shorttitle = {Revisiting the {Four} {Types} of {Cyclists}},
	url = {http://trrjournalonline.trb.org/doi/10.3141/2587-11},
	doi = {10.3141/2587-11},
	language = {en},
	urldate = {2018-02-09},
	journal = {Transportation Research Record: Journal of the Transportation Research Board},
	author = {Dill, Jennifer and McNeil, Nathan},
	month = jan,
	year = {2016},
	pages = {90--99},
	file = {Jennifer Dill and Nathan McNeil. 2016. Revisiting the Four Types of Cyclists.pdf:C\:\\Users\\Eugeni\\Zotero\\storage\\PPFTYNZ4\\Jennifer Dill and Nathan McNeil. 2016. Revisiting the Four Types of Cyclists.pdf:application/pdf}
}

@article{dill_bicycle_2003,
	title = {Bicycle commuting and facilities in major {US} cities: if you build them, commuters will use them},
	shorttitle = {Bicycle commuting and facilities in major {US} cities},
	number = {1828},
	journal = {Transportation Research Record: Journal of the Transportation Research Board},
	author = {Dill, Jennifer and Carr, Theresa},
	year = {2003},
	pages = {116--123},
	file = {Jennifer Dill and Theresa Carr. 2003. Bicycle Commuting and Facilities in Major U.S. Cities- If You Build Them, Commuters Will Use Them.pdf:C\:\\Users\\Eugeni\\Zotero\\storage\\WV3P8KP2\\Jennifer Dill and Theresa Carr. 2003. Bicycle Commuting and Facilities in Major U.S. Cities- If You Build Them, Commuters Will Use Them.pdf:application/pdf}
}

@article{de_hartog_health_2010,
	title = {Do the {Health} {Benefits} of {Cycling} {Outweigh} the {Risks}?},
	volume = {118},
	issn = {0091-6765},
	url = {http://ehp.niehs.nih.gov/0901747},
	doi = {10.1289/ehp.0901747},
	language = {en},
	number = {8},
	urldate = {2018-02-09},
	journal = {Environmental Health Perspectives},
	author = {de Hartog, Jeroen Johan and Boogaard, Hanna and Nijland, Hans and Hoek, Gerard},
	month = aug,
	year = {2010},
	pages = {1109--1116},
	file = {Jeroen Johan de Hartog et al. 2010. Do the Health Benefits of Cycling Outweigh the Risks.pdf:C\:\\Users\\Eugeni\\Zotero\\storage\\FDCZILJW\\Jeroen Johan de Hartog et al. 2010. Do the Health Benefits of Cycling Outweigh the Risks.pdf:application/pdf}
}

@article{tribby_geographic_2017,
	title = {Geographic regions for assessing built environmental correlates with walking trips: {A} comparison using different metrics and model designs},
	volume = {45},
	issn = {13538292},
	shorttitle = {Geographic regions for assessing built environmental correlates with walking trips},
	url = {http://linkinghub.elsevier.com/retrieve/pii/S1353829217301338},
	doi = {10.1016/j.healthplace.2017.02.004},
	language = {en},
	urldate = {2018-02-09},
	journal = {Health \& Place},
	author = {Tribby, Calvin P. and Miller, Harvey J. and Brown, Barbara B. and Smith, Ken R. and Werner, Carol M.},
	month = may,
	year = {2017},
	pages = {1--9},
	file = {Miller, J.H. 2017. Geographic regions for assessing built environmental correlates with walking trips- A comparison using different metrics and model designs.pdf:C\:\\Users\\Eugeni\\Zotero\\storage\\USHD8KZ9\\Miller, J.H. 2017. Geographic regions for assessing built environmental correlates with walking trips- A comparison using different metrics and model designs.pdf:application/pdf}
}

@article{perchoux_conceptualization_2013,
	title = {Conceptualization and measurement of environmental exposure in epidemiology: {Accounting} for activity space related to daily mobility},
	volume = {21},
	issn = {13538292},
	shorttitle = {Conceptualization and measurement of environmental exposure in epidemiology},
	url = {http://linkinghub.elsevier.com/retrieve/pii/S1353829213000117},
	doi = {10.1016/j.healthplace.2013.01.005},
	language = {en},
	urldate = {2018-02-09},
	journal = {Health \& Place},
	author = {Perchoux, Camille and Chaix, Basile and Cummins, Steven and Kestens, Yan},
	month = may,
	year = {2013},
	pages = {86--93},
	file = {Camille Perchoux et al 2012.pdf:C\:\\Users\\Eugeni\\Zotero\\storage\\VZLTYFZW\\Camille Perchoux et al 2012.pdf:application/pdf}
}

@article{mccormack_search_2011,
	title = {In search of causality: a systematic review of the relationship between the built environment and physical activity among adults},
	volume = {8},
	shorttitle = {In search of causality},
	number = {1},
	journal = {International Journal of Behavioral Nutrition and Physical Activity},
	author = {McCormack, Gavin R. and Shiell, Alan},
	year = {2011},
	pages = {125},
	file = {Gavin R McCormack and Alan Shiell. 2011. In search of causality.pdf:C\:\\Users\\Eugeni\\Zotero\\storage\\HJUGEWPG\\Gavin R McCormack and Alan Shiell. 2011. In search of causality.pdf:application/pdf}
}

@article{perchoux_conceptualization_2013-1,
	title = {Conceptualization and measurement of environmental exposure in epidemiology: {Accounting} for activity space related to daily mobility},
	volume = {21},
	issn = {13538292},
	shorttitle = {Conceptualization and measurement of environmental exposure in epidemiology},
	url = {http://linkinghub.elsevier.com/retrieve/pii/S1353829213000117},
	doi = {10.1016/j.healthplace.2013.01.005},
	language = {en},
	urldate = {2018-02-09},
	journal = {Health \& Place},
	author = {Perchoux, Camille and Chaix, Basile and Cummins, Steven and Kestens, Yan},
	month = may,
	year = {2013},
	pages = {86--93},
	file = {Camille Perchoux et al 2012.pdf:C\:\\Users\\Eugeni\\Zotero\\storage\\P4TKRHJR\\Camille Perchoux et al 2012.pdf:application/pdf}
}

@article{panter_environmental_2008-1,
	title = {Environmental determinants of active travel in youth: {A} review and framework for future research},
	volume = {5},
	issn = {1479-5868},
	shorttitle = {Environmental determinants of active travel in youth},
	url = {http://ijbnpa.biomedcentral.com/articles/10.1186/1479-5868-5-34},
	doi = {10.1186/1479-5868-5-34},
	language = {en},
	number = {1},
	urldate = {2018-02-09},
	journal = {International Journal of Behavioral Nutrition and Physical Activity},
	author = {Panter, Jenna R and Jones, Andrew P and van Sluijs, Esther MF},
	year = {2008},
	pages = {34},
	file = {Jenna R Panter et al. 2008. Environmental determinants of active travel in youth. A review and framework for future research.pdf:C\:\\Users\\Eugeni\\Zotero\\storage\\EHNTNIJ5\\Jenna R Panter et al. 2008. Environmental determinants of active travel in youth. A review and framework for future research.pdf:application/pdf}
}

@article{dill_revisiting_2016-1,
	title = {Revisiting the {Four} {Types} of {Cyclists}: {Findings} from a {National} {Survey}},
	volume = {2587},
	issn = {0361-1981},
	shorttitle = {Revisiting the {Four} {Types} of {Cyclists}},
	url = {http://trrjournalonline.trb.org/doi/10.3141/2587-11},
	doi = {10.3141/2587-11},
	language = {en},
	urldate = {2018-02-09},
	journal = {Transportation Research Record: Journal of the Transportation Research Board},
	author = {Dill, Jennifer and McNeil, Nathan},
	month = jan,
	year = {2016},
	pages = {90--99},
	file = {Jennifer Dill and Nathan McNeil. 2016. Revisiting the Four Types of Cyclists.pdf:C\:\\Users\\Eugeni\\Zotero\\storage\\KYFPINZH\\Jennifer Dill and Nathan McNeil. 2016. Revisiting the Four Types of Cyclists.pdf:application/pdf}
}

@article{dill_bicycle_2003-1,
	title = {Bicycle commuting and facilities in major {US} cities: if you build them, commuters will use them},
	shorttitle = {Bicycle commuting and facilities in major {US} cities},
	number = {1828},
	journal = {Transportation Research Record: Journal of the Transportation Research Board},
	author = {Dill, Jennifer and Carr, Theresa},
	year = {2003},
	pages = {116--123},
	file = {Jennifer Dill and Theresa Carr. 2003. Bicycle Commuting and Facilities in Major U.S. Cities- If You Build Them, Commuters Will Use Them.pdf:C\:\\Users\\Eugeni\\Zotero\\storage\\BA2CYHM5\\Jennifer Dill and Theresa Carr. 2003. Bicycle Commuting and Facilities in Major U.S. Cities- If You Build Them, Commuters Will Use Them.pdf:application/pdf}
}

@article{de_hartog_health_2010-1,
	title = {Do the {Health} {Benefits} of {Cycling} {Outweigh} the {Risks}?},
	volume = {118},
	issn = {0091-6765},
	url = {http://ehp.niehs.nih.gov/0901747},
	doi = {10.1289/ehp.0901747},
	language = {en},
	number = {8},
	urldate = {2018-02-09},
	journal = {Environmental Health Perspectives},
	author = {de Hartog, Jeroen Johan and Boogaard, Hanna and Nijland, Hans and Hoek, Gerard},
	month = aug,
	year = {2010},
	pages = {1109--1116},
	file = {Jeroen Johan de Hartog et al. 2010. Do the Health Benefits of Cycling Outweigh the Risks.pdf:C\:\\Users\\Eugeni\\Zotero\\storage\\RCALUEV9\\Jeroen Johan de Hartog et al. 2010. Do the Health Benefits of Cycling Outweigh the Risks.pdf:application/pdf}
}

@article{tribby_geographic_2017-1,
	title = {Geographic regions for assessing built environmental correlates with walking trips: {A} comparison using different metrics and model designs},
	volume = {45},
	issn = {13538292},
	shorttitle = {Geographic regions for assessing built environmental correlates with walking trips},
	url = {http://linkinghub.elsevier.com/retrieve/pii/S1353829217301338},
	doi = {10.1016/j.healthplace.2017.02.004},
	language = {en},
	urldate = {2018-02-09},
	journal = {Health \& Place},
	author = {Tribby, Calvin P. and Miller, Harvey J. and Brown, Barbara B. and Smith, Ken R. and Werner, Carol M.},
	month = may,
	year = {2017},
	pages = {1--9},
	file = {Miller, J.H. 2017. Geographic regions for assessing built environmental correlates with walking trips- A comparison using different metrics and model designs.pdf:C\:\\Users\\Eugeni\\Zotero\\storage\\CADM8CPB\\Miller, J.H. 2017. Geographic regions for assessing built environmental correlates with walking trips- A comparison using different metrics and model designs.pdf:application/pdf}
}

@article{mccormack_search_2011-1,
	title = {In search of causality: a systematic review of the relationship between the built environment and physical activity among adults},
	volume = {8},
	shorttitle = {In search of causality},
	number = {1},
	journal = {International Journal of Behavioral Nutrition and Physical Activity},
	author = {McCormack, Gavin R. and Shiell, Alan},
	year = {2011},
	pages = {125},
	file = {Gavin R McCormack and Alan Shiell. 2011. In search of causality.pdf:C\:\\Users\\Eugeni\\Zotero\\storage\\F3TC95FD\\Gavin R McCormack and Alan Shiell. 2011. In search of causality.pdf:application/pdf}
}

@article{graefe_improving_2015-1,
	title = {Improving forecasts using equally weighted predictors},
	volume = {68},
	issn = {01482963},
	url = {http://linkinghub.elsevier.com/retrieve/pii/S0148296315001563},
	doi = {10.1016/j.jbusres.2015.03.038},
	language = {en},
	number = {8},
	urldate = {2018-02-09},
	journal = {Journal of Business Research},
	author = {Graefe, Andreas},
	month = aug,
	year = {2015},
	pages = {1792--1799},
	file = {Graefe, A. 2014. Improving forecasts using equally weighted predictors.pdf:C\:\\Users\\Eugeni\\Zotero\\storage\\QD3DWWAR\\Graefe, A. 2014. Improving forecasts using equally weighted predictors.pdf:application/pdf}
}

@article{aldred_does_2016,
	title = {Does more cycling mean more diversity in cycling?},
	volume = {36},
	number = {1},
	journal = {Transport reviews},
	author = {Aldred, Rachel and Woodcock, James and Goodman, Anna},
	year = {2016},
	pages = {28--44},
	file = {Fulltext:C\:\\Users\\Eugeni\\Zotero\\storage\\VXUF9TT8\\01441647.2015.html:text/html;Snapshot:C\:\\Users\\Eugeni\\Zotero\\storage\\ESAU3MNJ\\01441647.2015.html:text/html}
}

@article{morgan_cycling_2017,
	title = {Cycling infrastructure and the development of a bicycle commuting socio-technical system: the case of {Johannesburg}},
	shorttitle = {Cycling infrastructure and the development of a bicycle commuting socio-technical system},
	journal = {Applied Mobilities},
	author = {Morgan, Njogu},
	year = {2017},
	pages = {1--18},
	file = {Fulltext:C\:\\Users\\Eugeni\\Zotero\\storage\\V2DXT5IS\\23800127.2017.html:text/html;Snapshot:C\:\\Users\\Eugeni\\Zotero\\storage\\5SY79D67\\23800127.2017.html:text/html}
}

@article{mullen_knowing_2014,
	title = {Knowing their place on the roads: {What} would equality mean for walking and cycling?},
	volume = {61},
	shorttitle = {Knowing their place on the roads},
	journal = {Transportation research part A: policy and practice},
	author = {Mullen, Caroline and Tight, Miles and Whiteing, Anthony and Jopson, Ann},
	year = {2014},
	pages = {238--248},
	file = {Fulltext:C\:\\Users\\Eugeni\\Zotero\\storage\\HILXD4RK\\Mullen et al. - 2014 - Knowing their place on the roads What would equal.pdf:application/pdf;Snapshot:C\:\\Users\\Eugeni\\Zotero\\storage\\TWGDQ9VS\\S0965856414000196.html:text/html}
}

@article{collins_geographies_2005,
	title = {Geographies of inequality: child pedestrian injury and walking school buses in {Auckland}, {New} {Zealand}},
	volume = {60},
	shorttitle = {Geographies of inequality},
	number = {1},
	journal = {Social science \& medicine},
	author = {Collins, Damian CA and Kearns, Robin A.},
	year = {2005},
	pages = {61--69},
	file = {Snapshot:C\:\\Users\\Eugeni\\Zotero\\storage\\A3YRXRK8\\S0277953604001959.html:text/html}
}