Automatically generated by Mendeley Desktop 1.17.11
Any changes to this file will be lost if it is regenerated by Mendeley.

BibTeX export options can be customized via Options -> BibTeX in Mendeley Desktop

@article{Aldred2015,
author = {Aldred, Rachel},
file = {:C$\backslash$:/Users/Eugeni/AppData/Local/Mendeley Ltd./Mendeley Desktop/Downloaded/Aldred - 2015 - Pedalling towards equality.pdf:pdf},
journal = {Cycle},
pages = {46--49},
title = {{Pedalling towards equality ?}},
url = {http://www.cyclinguk.org/sites/default/files/file{\_}public/201509046.pdf},
year = {2015}
}
