Automatically generated by Mendeley Desktop 1.17.11
Any changes to this file will be lost if it is regenerated by Mendeley.

BibTeX export options can be customized via Options -> BibTeX in Mendeley Desktop

@article{Art2010,
abstract = {An Act to make provision to require Ministers of the Crown and others when making strategic decisions about the exercise of their functions to have regard to the desirability of reducing socio-economic inequalities; to reform and harmonise equality law and restate the greater part of the enactments relating to discrimination and harassment related to certain personal characteristics; to enable certain employers to be required to publish information about the differences in pay between male and female employees; to prohibit victimisation in certain circumstances; to require the exercise of certain functions to be with regard to the need to eliminate discrimination and other prohibited conduct; to enable duties to be imposed in relation to the exercise of public procurement functions; to increase equality of opportunity; to amend the law relating to rights and responsibilities in family relationships; and for connected purposes.},
author = {Art, P},
doi = {ISBN 978-0-10-541510-7},
file = {:C$\backslash$:/Users/Eugeni/AppData/Local/Mendeley Ltd./Mendeley Desktop/Downloaded/Art - 2010 - Equality Act 2010.pdf:pdf},
isbn = {0105415103},
issn = {1747-0161},
journal = {Interpretation A Journal Of Bible And Theology},
number = {1},
pages = {15},
title = {{Equality Act 2010}},
url = {http://www.legislation.gov.uk/ukpga/2010/15/contents},
volume = {2010},
year = {2010}
}
