Automatically generated by Mendeley Desktop 1.17.11
Any changes to this file will be lost if it is regenerated by Mendeley.

BibTeX export options can be customized via Options -> BibTeX in Mendeley Desktop

@misc{Assembly2016,
author = {Assembly, London},
booktitle = {Mayor of London - London Assembly},
title = {{Mayor secures record investment in cycling in London}},
url = {https://www.london.gov.uk/press-releases/mayoral/mayor-secures-record-investment-in-cycling},
urldate = {2017-01-01},
year = {2016}
}
