Automatically generated by Mendeley Desktop 1.17.11
Any changes to this file will be lost if it is regenerated by Mendeley.

BibTeX export options can be customized via Options -> BibTeX in Mendeley Desktop

@article{Barajas2017a,
author = {Barajas, Jesus M.},
doi = {10.1080/01944363.2017.1285620},
file = {:C$\backslash$:/Users/Eugeni/AppData/Local/Mendeley Ltd./Mendeley Desktop/Downloaded/Barajas - 2017 - iBicycle Justice and Urban Transformation Biking for Alli , edited by Aaron Golub, Melody L. Hoffmann, Adonia E. Lugo,.pdf:pdf},
issn = {0194-4363},
journal = {Journal of the American Planning Association},
number = {2},
pages = {226--227},
title = {{{\textless}i{\textgreater}Bicycle Justice and Urban Transformation: Biking for All?{\textless}/i{\textgreater} , edited by Aaron Golub, Melody L. Hoffmann, Adonia E. Lugo, and Gerardo F. Sandoval}},
url = {https://www.tandfonline.com/doi/full/10.1080/01944363.2017.1285620},
volume = {83},
year = {2017}
}
