Automatically generated by Mendeley Desktop 1.17.11
Any changes to this file will be lost if it is regenerated by Mendeley.

BibTeX export options can be customized via Options -> BibTeX in Mendeley Desktop

@article{Bethencourt,
author = {Bethencourt, M. and D{\'{i}}az, F. and Alvarez, J.A. and Gonz{\'{a}}lez, O.},
file = {:C$\backslash$:/Users/Eugeni/AppData/Local/Mendeley Ltd./Mendeley Desktop/Downloaded/Bethencourt et al. - 2002 - The segmentation of the Canarian tourism market with regared to expenditure an empirical study of La Palma.pdf:pdf},
pages = {1--16},
title = {{The segmentation of the Canarian tourism market with regared to expenditure: an empirical study of La Palma}},
url = {http://www-sre.wu.ac.at/ersa/ersaconfs/ersa02/cd-rom/papers/251.pdf},
year = {2002}
}
