Automatically generated by Mendeley Desktop 1.17.11
Any changes to this file will be lost if it is regenerated by Mendeley.

BibTeX export options can be customized via Options -> BibTeX in Mendeley Desktop

@article{Bicycle2013,
author = {Bicycle, Seattle and Plan, Master},
file = {:C$\backslash$:/Users/Eugeni/AppData/Local/Mendeley Ltd./Mendeley Desktop/Downloaded/Bicycle, Plan - 2013 - Best Practices White Paper {\#}3 Bicycling Solutions for Hilly Cities.pdf:pdf},
number = {February},
title = {{Best Practices White Paper {\#}3: Bicycling Solutions for Hilly Cities}},
year = {2013}
}
