Automatically generated by Mendeley Desktop 1.17.11
Any changes to this file will be lost if it is regenerated by Mendeley.

BibTeX export options can be customized via Options -> BibTeX in Mendeley Desktop

@article{Birkin2017,
author = {Birkin, Mark},
file = {:C$\backslash$:/Users/Eugeni/AppData/Local/Mendeley Ltd./Mendeley Desktop/Downloaded/Birkin - 2017 - Spatial Data Analytics of Mobility with Consumer Data.pdf:pdf},
number = {7},
pages = {7},
title = {{Spatial Data Analytics of Mobility with Consumer Data}},
year = {2017}
}
