Automatically generated by Mendeley Desktop 1.17.11
Any changes to this file will be lost if it is regenerated by Mendeley.

BibTeX export options can be customized via Options -> BibTeX in Mendeley Desktop

@book{Blaikie2000,
author = {Blaikie, Norman},
edition = {Second edi},
pages = {298},
publisher = {Polity Press},
title = {{Designing Social Research: The Logic of Anticipation}},
year = {2000}
}
