Automatically generated by Mendeley Desktop 1.17.11
Any changes to this file will be lost if it is regenerated by Mendeley.

BibTeX export options can be customized via Options -> BibTeX in Mendeley Desktop

@article{Blue2016,
author = {Blue, Elly},
file = {:C$\backslash$:/Users/Eugeni/AppData/Local/Mendeley Ltd./Mendeley Desktop/Downloaded/Blue - 2016 - Why Bicycle Justice Isn't a White Guy in Spandex.pdf:pdf},
journal = {Yes Magazine},
title = {{Why Bicycle Justice Isn't a White Guy in Spandex}},
url = {http://www.yesmagazine.org/peace-justice/why-bicycle-justice-isnt-a-white-guy-in-spandex-20160810},
year = {2016}
}
