Automatically generated by Mendeley Desktop 1.17.11
Any changes to this file will be lost if it is regenerated by Mendeley.

BibTeX export options can be customized via Options -> BibTeX in Mendeley Desktop

@article{Burden2000,
abstract = {A major shift in the way we design neighborhoods is taking place across America and street design is re-emerging as a major element of neighborhood street engineering, town planning and real estate development. These guidelines identify ways to design new neighborhoods that will be more interactive, walkable, enjoyable and livable.},
author = {Burden, Dan},
file = {:C$\backslash$:/Users/Eugeni/AppData/Local/Mendeley Ltd./Mendeley Desktop/Downloaded/Burden - 2000 - Street Design Guidelines for Healthy Neighborhoods.pdf:pdf},
journal = {TRB Circular E-C019: Urban Street Symposium},
pages = {B--1/1 -- B--1/15},
title = {{Street Design Guidelines for Healthy Neighborhoods}},
year = {2000}
}
