Automatically generated by Mendeley Desktop 1.17.11
Any changes to this file will be lost if it is regenerated by Mendeley.

BibTeX export options can be customized via Options -> BibTeX in Mendeley Desktop

@article{Chatterton2015,
author = {Chatterton, Tim and Williams, David and Marsden, Greg and Mullen, Caroline and Anable, Jillian and Docherty, Iain and Faulconbridge, James and Cass, Noel and Roby, Helen and Doughty, Karolina},
file = {:C$\backslash$:/Users/Eugeni/AppData/Local/Mendeley Ltd./Mendeley Desktop/Downloaded/Chatterton et al. - 2015 - Flexi-Mobility Helping Local Authorities Unlock Low Carbon Travel.pdf:pdf},
journal = {University Transport Studies Group (UTSG) 47th Annual Conference},
number = {5-7 January 2015},
pages = {1--12},
title = {{Flexi-Mobility: Helping Local Authorities Unlock Low Carbon Travel}},
year = {2015}
}
