Automatically generated by Mendeley Desktop 1.17.11
Any changes to this file will be lost if it is regenerated by Mendeley.

BibTeX export options can be customized via Options -> BibTeX in Mendeley Desktop

@article{Clifton2001,
author = {Clifton, Kelly J. and Handy, Susan L.},
file = {:C$\backslash$:/Users/Eugeni/AppData/Local/Mendeley Ltd./Mendeley Desktop/Downloaded/Clifton, Handy - 2001 - Qualitative methods in travel behaviour research.pdf:pdf},
journal = {International Conference on Transport Survey Quality and Innovation, 5-10 August 2001 Kruger National Park},
pages = {1--20},
title = {{Qualitative methods in travel behaviour research}},
year = {2001}
}
