Automatically generated by Mendeley Desktop 1.17.11
Any changes to this file will be lost if it is regenerated by Mendeley.

BibTeX export options can be customized via Options -> BibTeX in Mendeley Desktop

@article{Connections,
author = {Connections, Making T H E},
file = {:C$\backslash$:/Users/Eugeni/AppData/Local/Mendeley Ltd./Mendeley Desktop/Downloaded/Connections - Unknown - Making the connections.pdf:pdf},
journal = {Evoked Potentials Electroencephalography And Clinical Neurophysiology},
title = {{Making the connections}}
}
