Automatically generated by Mendeley Desktop 1.17.11
Any changes to this file will be lost if it is regenerated by Mendeley.

BibTeX export options can be customized via Options -> BibTeX in Mendeley Desktop

@article{DeHartog2010a,
abstract = {Although from a societal point of view a modal shift from car to bicycle may have beneficial health effects due to decreased air pollution emissions, decreased greenhouse gas emissions, and increased levels of physical activity, shifts in individual adverse health effects such as higher exposure to air pollution and risk of a traffic accident may prevail.Objective: We describe whether the health benefits from the increased physical activity of a modal shift for urban commutes outweigh the health risks.},
author = {de Hartog, Jeroen Johan and Boogaard, Hanna and Nijland, Hans and Hoek, Gerard},
doi = {10.1289/ehp.0901747},
file = {:C$\backslash$:/Users/Eugeni/AppData/Local/Mendeley Ltd./Mendeley Desktop/Downloaded/de Hartog et al. - 2010 - Do the health benefits of cycling outweigh the risks(2).pdf:pdf},
isbn = {1678-4561 (Electronic){\$}\backslash{\$}r1413-8123 (Linking)},
issn = {00916765},
journal = {Environmental Health Perspectives},
keywords = {Air pollution,Biking,Cycling,Life table analysis,Modal shift,Physical activity,Traffic accidents},
number = {8},
pages = {1109--1116},
pmid = {20587380},
title = {{Do the health benefits of cycling outweigh the risks?}},
volume = {118},
year = {2010}
}
