Automatically generated by Mendeley Desktop 1.17.11
Any changes to this file will be lost if it is regenerated by Mendeley.

BibTeX export options can be customized via Options -> BibTeX in Mendeley Desktop

@article{DepartmentforTransport2005,
abstract = {Advice on accessibility in the next LTPs, and assistance available to local transport authorities from the DfT (Chapter 2); An overview of the national and local policy context for accessibility, in transport and other sectors (Chapter 3); Advice on the recommended steps for undertaking accessibility assessments in order to identify local accessibility needs and inform development of initiatives to improve accessibility (Chapter 4); Advice on option appraisal of schemes and initiatives to improve accessibility, including the identification of resources (Chapter 5); An overview of and advice on measures for improving accessibility, including specific local schemes and incorporation of accessibility considerations into wider strategies and policies (Chapter 6); Advice on the development of a performance management framework for assessing progress in delivery against accessibility objectives and priorities (Chapter 7); Advice on developing partnerships to assess and address accessibility issues, and on the role of community consultation (Appendix A); Case study examples of existing accessibility initiatives (Appendix B);},
author = {{Department for Transport}},
file = {:C$\backslash$:/Users/Eugeni/AppData/Local/Mendeley Ltd./Mendeley Desktop/Downloaded/Department for Transport - 2005 - Guidance on Accessibility Planning in Local Transport Plans.pdf:pdf},
pages = {104},
title = {{Guidance on Accessibility Planning in Local Transport Plans}},
year = {2005}
}
