Automatically generated by Mendeley Desktop 1.17.11
Any changes to this file will be lost if it is regenerated by Mendeley.

BibTeX export options can be customized via Options -> BibTeX in Mendeley Desktop

@article{DeprtmentofCommunitiesandLocalGovernment2015,
abstract = {Report explaining the concepts underpinning the model of multiple deprivation and the indicators and domains that make up the indices.},
author = {{Department of Communities and Local Government}},
doi = {30 Sep 2015},
file = {:C$\backslash$:/Users/Eugeni/AppData/Local/Mendeley Ltd./Mendeley Desktop/Downloaded/Department of Communities and Local Government - 2015 - English indices of deprivation 2015.pdf:pdf},
isbn = {978-1-4098-2926-3},
issn = {1479-7879},
number = {Imd},
pages = {1--11},
pmid = {100022},
title = {{English indices of deprivation 2015}},
url = {https://www.gov.uk/government/statistics/english-indices-of-deprivation-2015},
volume = {1},
year = {2015}
}
