Automatically generated by Mendeley Desktop 1.17.11
Any changes to this file will be lost if it is regenerated by Mendeley.

BibTeX export options can be customized via Options -> BibTeX in Mendeley Desktop

@article{Dill2009,
author = {Dill, Jennifer and Haggerty, Brendon},
file = {:C$\backslash$:/Users/Eugeni/AppData/Local/Mendeley Ltd./Mendeley Desktop/Downloaded/Dill, Haggerty - 2009 - Equity Analysis of Portland's draft Bicycle Master Plan – Findings Background.pdf:pdf},
title = {{Equity Analysis of Portland's draft Bicycle Master Plan – Findings Background}},
url = {https://www.portlandoregon.gov/transportation/article/264747},
year = {2009}
}
