Automatically generated by Mendeley Desktop 1.17.11
Any changes to this file will be lost if it is regenerated by Mendeley.

BibTeX export options can be customized via Options -> BibTeX in Mendeley Desktop

@article{Dolnicar2014,
author = {Dolnicar, Sara},
doi = {10.4324/9781315858265.ch15},
file = {:C$\backslash$:/Users/Eugeni/AppData/Local/Mendeley Ltd./Mendeley Desktop/Downloaded/Dolnicar - 2014 - Market segmentation in tourism - viewcontent.cgi.pdf:pdf},
isbn = {9781315858265},
journal = {The Routledge Handbook of Tourism Marketing},
keywords = {Sara Dolnicar},
number = {2},
pages = {197--208},
title = {{Market segmentation in tourism - viewcontent.cgi}},
url = {http://ro.uow.edu.au/cgi/viewcontent.cgi?article=1597{\&}context=commpapers},
year = {2014}
}
