Automatically generated by Mendeley Desktop 1.17.11
Any changes to this file will be lost if it is regenerated by Mendeley.

BibTeX export options can be customized via Options -> BibTeX in Mendeley Desktop

@article{Elster2000,
author = {Elster, Jake},
file = {:C$\backslash$:/Users/Eugeni/AppData/Local/Mendeley Ltd./Mendeley Desktop/Downloaded/Elster - 2000 - Cycling ans Social Inclusion.pdf:pdf},
number = {November},
pages = {1--78},
title = {{Cycling ans Social Inclusion}},
url = {http://sticerd.lse.ac.uk/dps/case/cr/CASEreport8.pdf},
year = {2000}
}
