Automatically generated by Mendeley Desktop 1.17.11
Any changes to this file will be lost if it is regenerated by Mendeley.

BibTeX export options can be customized via Options -> BibTeX in Mendeley Desktop

@article{Geoghegan2016a,
abstract = {| Cities | The Guardian The Gaurdian Month: Oct Day: 5 2016 URLS},
author = {Geoghegan, P},
file = {:C$\backslash$:/Users/Eugeni/AppData/Local/Mendeley Ltd./Mendeley Desktop/Downloaded/Geoghegan - 2016 - Blame it on the bike does cycling contribute to a city's gentrification.pdf:pdf},
journal = {The Gaurdian},
title = {{Blame it on the bike: does cycling contribute to a city's gentrification?}},
url = {www.theguardian.com/cities/2016/oct/05/blame-bike-cycling-contribute-city-gentrification},
year = {2016}
}
