Automatically generated by Mendeley Desktop 1.17.11
Any changes to this file will be lost if it is regenerated by Mendeley.

BibTeX export options can be customized via Options -> BibTeX in Mendeley Desktop

@book{Gillham2000,
author = {Gillham, Bill},
pages = {96},
publisher = {A{\&}C Black},
title = {{Research Interview}},
year = {2000}
}
