Automatically generated by Mendeley Desktop 1.17.11
Any changes to this file will be lost if it is regenerated by Mendeley.

BibTeX export options can be customized via Options -> BibTeX in Mendeley Desktop

@article{Harland2012,
author = {Harland, Kirk and Birkin, Mark},
file = {:C$\backslash$:/Users/Eugeni/AppData/Local/Mendeley Ltd./Mendeley Desktop/Downloaded/Harland, Birkin - 2012 - Microsimulation Modelling for Social Scientists.pdf:pdf},
pages = {1--20},
title = {{Microsimulation Modelling for Social Scientists}},
year = {2012}
}
