Automatically generated by Mendeley Desktop 1.17.11
Any changes to this file will be lost if it is regenerated by Mendeley.

BibTeX export options can be customized via Options -> BibTeX in Mendeley Desktop

@book{Hay.2006,
author = {Israel, Mark and Hay, Ian},
pages = {208},
publisher = {Sage Publications Ltd},
title = {{Research Ethics for Social Scientists: Between ethical conduct and regulatory compliance}},
url = {https://www.dawsonera.com/abstract/9781847877765},
year = {2006}
}
