Automatically generated by Mendeley Desktop 1.17.11
Any changes to this file will be lost if it is regenerated by Mendeley.

BibTeX export options can be customized via Options -> BibTeX in Mendeley Desktop

@article{Hoe2014,
author = {Hoe, Nina and Kaloustian, Talar},
file = {:C$\backslash$:/Users/Eugeni/AppData/Local/Mendeley Ltd./Mendeley Desktop/Downloaded/Hoe, Kaloustian - 2014 - Bike Sharing in Low-Income Communities An Analysis of Focus Groups Findings Table of Contents.pdf:pdf},
title = {{Bike Sharing in Low-Income Communities : An Analysis of Focus Groups Findings Table of Contents}},
year = {2014}
}
