Automatically generated by Mendeley Desktop 1.17.11
Any changes to this file will be lost if it is regenerated by Mendeley.

BibTeX export options can be customized via Options -> BibTeX in Mendeley Desktop

@article{Horswell2012,
author = {Horswell, Michael and Barton, Hugh},
file = {:C$\backslash$:/Users/Eugeni/AppData/Local/Mendeley Ltd./Mendeley Desktop/Downloaded/Horswell, Barton - 2012 - Active travel patterns and neighbourhood accessibility.pdf:pdf},
journal = {Solutions},
pages = {1--60},
title = {{Active travel patterns and neighbourhood accessibility}},
volume = {27},
year = {2012}
}
