Automatically generated by Mendeley Desktop 1.17.11
Any changes to this file will be lost if it is regenerated by Mendeley.

BibTeX export options can be customized via Options -> BibTeX in Mendeley Desktop

@techreport{International2011,
author = {TfL},
file = {:C$\backslash$:/Users/Eugeni/AppData/Local/Mendeley Ltd./Mendeley Desktop/Downloaded/International - 2011 - Transport for London Attitudes towards walking.pdf:pdf},
number = {Setembre},
title = {{Transport for London: Attitudes towards cycling}},
url = {http://content.tfl.gov.uk/attitudes-to-cycling-2016.pdf},
year = {2016}
}
