Automatically generated by Mendeley Desktop 1.17.11
Any changes to this file will be lost if it is regenerated by Mendeley.

BibTeX export options can be customized via Options -> BibTeX in Mendeley Desktop

@article{Kaufmann2004,
abstract = {No abstract is available for this item.},
author = {Kaufmann, Vincent and Bergman, Manfred Max and Joye, Dominique},
doi = {10.1111/j.0309-1317.2004.00549.x},
file = {:C$\backslash$:/Users/Eugeni/AppData/Local/Mendeley Ltd./Mendeley Desktop/Downloaded/Kaufmann, Bergman, Joye - 2004 - Motility mobility as capital.pdf:pdf},
isbn = {1468-2427},
issn = {0309-1317},
journal = {International Journal of Urban and Regional Research},
number = {4},
pages = {745--756},
title = {{Motility: mobility as capital}},
url = {http://doi.wiley.com/10.1111/j.0309-1317.2004.00549.x},
volume = {28},
year = {2004}
}
