Automatically generated by Mendeley Desktop 1.17.11
Any changes to this file will be lost if it is regenerated by Mendeley.

BibTeX export options can be customized via Options -> BibTeX in Mendeley Desktop

@article{Kitchin2014,
abstract = {Over the coming weeks we will be featuring a series of interviews conducted by Mark Carrigan on the nature of 'big data' and the opportunities and challenges presented for scholarship with its grow...},
author = {Kitchin, Robert},
file = {:C$\backslash$:/Users/Eugeni/AppData/Local/Mendeley Ltd./Mendeley Desktop/Downloaded/Kitchin - 2014 - The Philosophy of Data Science (series)- Rob Kitchin “ Big data should complement small data, not replace them .”.pdf:pdf},
pages = {1--8},
title = {{The Philosophy of Data Science (series)- Rob Kitchin: “ Big data should complement small data, not replace them .”}},
year = {2014}
}
