Automatically generated by Mendeley Desktop 1.17.11
Any changes to this file will be lost if it is regenerated by Mendeley.

BibTeX export options can be customized via Options -> BibTeX in Mendeley Desktop

@article{Kwan2003,
abstract = {n/a},
author = {Kwan, Mei Po and Janelle, Donald G. and Goodchild, Michael F.},
doi = {10.1007/s101090300100},
file = {:C$\backslash$:/Users/Eugeni/AppData/Local/Mendeley Ltd./Mendeley Desktop/Downloaded/Kwan, Janelle, Goodchild - 2003 - Accessibility in space and time A theme in spatially integrated social science.pdf:pdf},
isbn = {1435-5930},
issn = {14355930},
journal = {Journal of Geographical Systems},
number = {1},
pages = {1--3},
title = {{Accessibility in space and time: A theme in spatially integrated social science}},
volume = {5},
year = {2003}
}
