Automatically generated by Mendeley Desktop 1.17.11
Any changes to this file will be lost if it is regenerated by Mendeley.

BibTeX export options can be customized via Options -> BibTeX in Mendeley Desktop

@article{London2011,
author = {TfL},
file = {:C$\backslash$:/Users/Eugeni/AppData/Local/Mendeley Ltd./Mendeley Desktop/Downloaded/London - 2011 - What are the barriers to cycling amongst ethnic minority groups and people from deprived backgrounds.pdf:pdf},
journal = {Policy Analysis Research Summary},
number = {November},
pages = {1--6},
title = {{What are the barriers to cycling amongst ethnic minority groups and people from deprived backgrounds?}},
url = {http://content.tfl.gov.uk/barriers-to-cycling-for-ethnic-minorities-and-deprived-groups-summary.pdf},
year = {2011}
}
