Automatically generated by Mendeley Desktop 1.17.11
Any changes to this file will be lost if it is regenerated by Mendeley.

BibTeX export options can be customized via Options -> BibTeX in Mendeley Desktop

@article{Long2016,
archivePrefix = {arXiv},
arxivId = {15334406},
author = {Long, Min and Tao, Shasha and Vega, De and Jiang, Tao and Wen, Qing and Sophia, L},
doi = {10.1158/1940-6207.CAPR-14-0359.Nrf2-dependent},
eprint = {15334406},
file = {:C$\backslash$:/Users/Eugeni/AppData/Local/Mendeley Ltd./Mendeley Desktop/Downloaded/Long et al. - 2016 - HHS Public Access.pdf:pdf},
isbn = {9783319193878},
issn = {1527-5418},
number = {5},
pages = {444--454},
pmid = {24655651},
title = {{HHS Public Access}},
volume = {8},
year = {2016}
}
