Automatically generated by Mendeley Desktop 1.17.11
Any changes to this file will be lost if it is regenerated by Mendeley.

BibTeX export options can be customized via Options -> BibTeX in Mendeley Desktop

@article{Longley2005,
author = {Longley, P},
doi = {10.1191/0309132505ph528pr},
file = {:C$\backslash$:/Users/Eugeni/AppData/Local/Mendeley Ltd./Mendeley Desktop/Downloaded/Longley - 2005 - Geographical information systems A renaissance of geodemographics for public service delivery.pdf:pdf},
isbn = {03091325 (ISSN)},
journal = {Progress in Human Geography},
keywords = {GIS},
number = {1},
pages = {57--63},
title = {{Geographical information systems: A renaissance of geodemographics for public service delivery}},
url = {http://www.scopus.com/inward/record.url?eid=2-s2.0-14844282316{\&}partnerID=40{\&}md5=ebbb343a4d0f03358f97872482154533},
volume = {29},
year = {2005}
}
