Automatically generated by Mendeley Desktop 1.17.11
Any changes to this file will be lost if it is regenerated by Mendeley.

BibTeX export options can be customized via Options -> BibTeX in Mendeley Desktop

@book{Lovelace2006,
author = {Lovelace, Robin and Dumont, Morgan},
isbn = {9781498711548 - CAT{\#} K25070},
pages = {260},
publisher = {Chapman {\&} Hall/CRC The R Series},
title = {{Spatial Microsimulation with R}},
url = {http://spatial-microsim-book.robinlovelace.net/},
year = {2006}
}
