Automatically generated by Mendeley Desktop 1.17.11
Any changes to this file will be lost if it is regenerated by Mendeley.

BibTeX export options can be customized via Options -> BibTeX in Mendeley Desktop

@article{Lovelace2010,
author = {Lovelace, Robin},
file = {:C$\backslash$:/Users/Eugeni/AppData/Local/Mendeley Ltd./Mendeley Desktop/Downloaded/Lovelace - 2010 - Universities of Leeds , Sheffield and York Cycle touring a vision of post-peak holidays.pdf:pdf},
title = {{Universities of Leeds , Sheffield and York Cycle touring : a vision of post-peak holidays ?}},
year = {2010}
}
