Automatically generated by Mendeley Desktop 1.17.11
Any changes to this file will be lost if it is regenerated by Mendeley.

BibTeX export options can be customized via Options -> BibTeX in Mendeley Desktop

@article{Lubitow2017a,
author = {Lubitow, Amy and Mahmoudi, Dillon},
doi = {10.1080/02723638.2016.1248884},
file = {:C$\backslash$:/Users/Eugeni/AppData/Local/Mendeley Ltd./Mendeley Desktop/Downloaded/Lubitow, Mahmoudi - 2017 - Melody L. Hoffmann, iBike lanes are white lanes bicycle advocacy and urban planningi.pdf:pdf},
isbn = {9780803276789},
issn = {0272-3638},
journal = {Urban Geography},
number = {6},
pages = {951--952},
title = {{Melody L. Hoffmann, {\textless}i{\textgreater}Bike lanes are white lanes: bicycle advocacy and urban planning{\textless}/i{\textgreater}}},
url = {https://www.tandfonline.com/doi/full/10.1080/02723638.2016.1248884},
volume = {38},
year = {2017}
}
