Automatically generated by Mendeley Desktop 1.17.11
Any changes to this file will be lost if it is regenerated by Mendeley.

BibTeX export options can be customized via Options -> BibTeX in Mendeley Desktop

@article{Manaugh2012,
author = {Manaugh, Kevin},
file = {:C$\backslash$:/Users/Eugeni/AppData/Local/Mendeley Ltd./Mendeley Desktop/Downloaded/Manaugh - Unknown - Who Benefits from New Transportation Infrastructure Using Accessibility Measures to Evaluate Social Equity in Trans.pdf:pdf},
number = {January 2011},
pages = {1--24},
title = {{Who Benefits from New Transportation Infrastructure ? Using Accessibility Measures to Evaluate Social Equity in Transit Provision Who benefits from new transportation infrastructure ? Using accessibility measures to evaluate social equity in transit provi}}
}
