Automatically generated by Mendeley Desktop 1.17.11
Any changes to this file will be lost if it is regenerated by Mendeley.

BibTeX export options can be customized via Options -> BibTeX in Mendeley Desktop

@book{May2011,
author = {May, Tim},
isbn = {eISBN-13: 9780335239986},
pages = {354},
publisher = {Open University Press},
title = {{Social Research}},
url = {https://www.dawsonera.com/abstract/9780335239986},
year = {2011}
}
