Automatically generated by Mendeley Desktop 1.17.11
Any changes to this file will be lost if it is regenerated by Mendeley.

BibTeX export options can be customized via Options -> BibTeX in Mendeley Desktop

@article{Mazanec2017,
author = {Mazanec, Josef and Ring, Amata and Stangl, Brigitte and Teichmann, Karin},
doi = {10.4324/9781315858265.ch14},
file = {:C$\backslash$:/Users/Eugeni/AppData/Local/Mendeley Ltd./Mendeley Desktop/Downloaded/Mazanec et al. - 2017 - Advanced analytical methods in tourism marketing research.pdf:pdf},
isbn = {9781315858265},
journal = {The Routledge Handbook of Tourism Marketing},
number = {10233},
title = {{Advanced analytical methods in tourism marketing research}},
url = {https://www.taylorfrancis.com/books/9781315858265},
year = {2017}
}
