Automatically generated by Mendeley Desktop 1.17.11
Any changes to this file will be lost if it is regenerated by Mendeley.

BibTeX export options can be customized via Options -> BibTeX in Mendeley Desktop

@article{Mcqueen1985,
abstract = {The study evaluated a number of alternative ways to segment tourist markets using the criteria of profitability, variability and accessibility of the segments. Data collected from 12,000 homeward-bound tourists was utilized to compare 15 alternative segmentation approaches. The preferred approach combined the two best dichotomous variables: first time or experienced visitors and tourists with or without relatives in the state. Subsequent managerial action is outlined.},
author = {Mcqueen, Josh and Miller, Kenneth E.},
doi = {10.1177/004728758502400101},
file = {:C$\backslash$:/Users/Eugeni/AppData/Local/Mendeley Ltd./Mendeley Desktop/Downloaded/Mcqueen, Miller - 1985 - Target Market Selection of Tourists A Comparison of Approaches.pdf:pdf},
isbn = {0047-2875},
issn = {15526763},
journal = {Journal of Travel Research},
number = {1},
pages = {2--6},
title = {{Target Market Selection of Tourists: A Comparison of Approaches}},
url = {https://doi.org/10.1177/004728758502400101},
volume = {24},
year = {1985}
}
