Automatically generated by Mendeley Desktop 1.17.11
Any changes to this file will be lost if it is regenerated by Mendeley.

BibTeX export options can be customized via Options -> BibTeX in Mendeley Desktop

@book{Middleton1994,
address = {Oxford},
author = {Middleton, V T C},
isbn = {0750609737},
language = {English},
number = {Ed. 2},
pages = {xii + 393pp.},
publisher = {Butterworth-Heinemann Ltd},
title = {{Marketing in travel and tourism.}},
year = {1994}
}
