Automatically generated by Mendeley Desktop 1.17.11
Any changes to this file will be lost if it is regenerated by Mendeley.

BibTeX export options can be customized via Options -> BibTeX in Mendeley Desktop

@misc{MinisteriodeFomento1999,
author = {{Ministerio de Fomento} and Sanz, Alfonso and Sanderos, Rodrigo P{\'{e}}rez and Fern{\'{a}}ndez, Tom{\'{a}}s},
file = {:C$\backslash$:/Users/Eugeni/AppData/Local/Mendeley Ltd./Mendeley Desktop/Downloaded/Ministerio de Fomento et al. - 1999 - La bicicleta en la ciudad-Manual de pol{\'{i}}ticas y dise{\~{n}}o para favorecer el uso de la bicicleta como.pdf:pdf},
isbn = {84-498-0214-8},
pages = {119},
title = {{La bicicleta en la ciudad-Manual de pol{\'{i}}ticas y dise{\~{n}}o para favorecer el uso de la bicicleta como medio de transporte}},
year = {1999}
}
