Automatically generated by Mendeley Desktop 1.17.11
Any changes to this file will be lost if it is regenerated by Mendeley.

BibTeX export options can be customized via Options -> BibTeX in Mendeley Desktop

@article{Mouncey2016,
author = {Mouncey, Peter},
file = {:C$\backslash$:/Users/Eugeni/AppData/Local/Mendeley Ltd./Mendeley Desktop/Downloaded/Mouncey - 2016 - Geodemographics the Birth of Big Data.pdf:pdf},
number = {January 2016},
pages = {1--8},
title = {{Geodemographics: the Birth of Big Data}},
year = {2016}
}
