Automatically generated by Mendeley Desktop 1.17.11
Any changes to this file will be lost if it is regenerated by Mendeley.

BibTeX export options can be customized via Options -> BibTeX in Mendeley Desktop

@article{Nella2016,
abstract = {The continuous monitoring of market trends is one of the most important roles that marketing scientists and practitioners should fulfill. Tourism is significantly affected by major demographic, cultural and economic trends. In the last few years there is considerable debate on the radical demographic changes taking place around the globe and one of the main issues arousing in many developed and developing countries is this of ageing population.},
author = {Nella, Athina and Christou, Evangelos},
file = {:C$\backslash$:/Users/Eugeni/AppData/Local/Mendeley Ltd./Mendeley Desktop/Downloaded/Nella, Christou - 2016 - Extending tourism marketing Implications for targeting the senior tourists ' segment.pdf:pdf},
journal = {Journal of Tourism, Heritage {\&} Services Marketing},
keywords = {Market segmentation,ageing population,destination marketing organisations,market targeting,senior tourism market},
number = {1},
pages = {36--42},
title = {{Extending tourism marketing : Implications for targeting the senior tourists ' segment}},
volume = {2},
year = {2016}
}
