Automatically generated by Mendeley Desktop 1.17.11
Any changes to this file will be lost if it is regenerated by Mendeley.

BibTeX export options can be customized via Options -> BibTeX in Mendeley Desktop

@article{One,
author = {One, Part},
file = {:C$\backslash$:/Users/Eugeni/AppData/Local/Mendeley Ltd./Mendeley Desktop/Downloaded/One - Unknown - The Meaning of Marketing in Travel and Tourism.pdf:pdf},
title = {{The Meaning of Marketing in Travel and Tourism}}
}
