Automatically generated by Mendeley Desktop 1.17.11
Any changes to this file will be lost if it is regenerated by Mendeley.

BibTeX export options can be customized via Options -> BibTeX in Mendeley Desktop

@article{ParliamentaryOfficeofScience&Technology2014,
abstract = {New ways to collect, manage and analyse vast quantities of data present opportunities to provide a smarter and more efficient transport system. This POSTnote examines key factors affecting the growth of big data in transport and current and future applications, focusing on road and public transport. It also explores challenges to opening up, collecting, disseminating and using big data, and to sharing data whilst protecting users' privacy.},
author = {{Parliamentary Office of Science {\&} Technology}},
file = {:C$\backslash$:/Users/Eugeni/AppData/Local/Mendeley Ltd./Mendeley Desktop/Downloaded/Parliamentary Office of Science {\&} Technology - 2014 - Big and Open Data in Transport.pdf:pdf},
journal = {POSTnote},
number = {472},
pages = {1--5},
title = {{Big and Open Data in Transport}},
year = {2014}
}
