Automatically generated by Mendeley Desktop 1.17.11
Any changes to this file will be lost if it is regenerated by Mendeley.

BibTeX export options can be customized via Options -> BibTeX in Mendeley Desktop

@article{Philips2015,
author = {Philips, Ian},
file = {:C$\backslash$:/Users/Eugeni/AppData/Local/Mendeley Ltd./Mendeley Desktop/Downloaded/Philips - 2015 - Improving estimates of capacity of populations to make journeys by walking and cycling An individual modelling process.pdf:pdf},
number = {January},
pages = {1--12},
title = {{Improving estimates of capacity of populations to make journeys by walking and cycling: An individual modelling process applied to whole populations using spatial microsimulation}},
year = {2015}
}
