Automatically generated by Mendeley Desktop 1.17.11
Any changes to this file will be lost if it is regenerated by Mendeley.

BibTeX export options can be customized via Options -> BibTeX in Mendeley Desktop

@article{Philips2014,
author = {Philips, Ian},
file = {:C$\backslash$:/Users/Eugeni/AppData/Local/Mendeley Ltd./Mendeley Desktop/Downloaded/Philips - 2014 - The potential role of walking and cycling to increase resilience of transport systems to future external shocks . if th.pdf:pdf},
number = {July},
title = {{The potential role of walking and cycling to increase resilience of transport systems to future external shocks . if there was no fuel for motorised transport}},
year = {2014}
}
