Automatically generated by Mendeley Desktop 1.17.11
Any changes to this file will be lost if it is regenerated by Mendeley.

BibTeX export options can be customized via Options -> BibTeX in Mendeley Desktop

@article{Ppgd2017,
author = {Morgan, David L.},
file = {:C$\backslash$:/Users/Eugeni/AppData/Local/Mendeley Ltd./Mendeley Desktop/Downloaded/Morgan - 1996 - Focus Groups.pdf:pdf},
journal = {FOCUS GROUPS},
keywords = {focus groups,group interviews,methodology,qualitative research methods},
pages = {129--152},
title = {{Focus Groups}},
url = {http://www.annualreviews.org/doi/pdf/10.1146/annurev.soc.22.1.129},
year = {1996}
}
