Automatically generated by Mendeley Desktop 1.17.11
Any changes to this file will be lost if it is regenerated by Mendeley.

BibTeX export options can be customized via Options -> BibTeX in Mendeley Desktop

@book{Punch2000,
author = {Punch, Keith F},
edition = {3rd},
editor = {Australia, University of Western},
pages = {176},
publisher = {SAGE},
title = {{Developing Effective Research Proposals}},
year = {2000}
}
