Automatically generated by Mendeley Desktop 1.17.11
Any changes to this file will be lost if it is regenerated by Mendeley.

BibTeX export options can be customized via Options -> BibTeX in Mendeley Desktop

@article{Roberts2014,
author = {Roberts, LE},
file = {:C$\backslash$:/Users/Eugeni/AppData/Local/Mendeley Ltd./Mendeley Desktop/Downloaded/Roberts - 2014 - 'Bike Lanes are White Lanes!' The Social Implications of Urban Active Transportation Planning in the Built Environment.pdf:pdf},
number = {May},
title = {{'Bike Lanes are White Lanes!': The Social Implications of Urban Active Transportation Planning in the Built Environment of Portland, OR}},
url = {http://www.beezodogsplace.com/wp-content/uploads/2014/10/RobertsFinalThesis.pdf},
year = {2014}
}
