Automatically generated by Mendeley Desktop 1.17.11
Any changes to this file will be lost if it is regenerated by Mendeley.

BibTeX export options can be customized via Options -> BibTeX in Mendeley Desktop

@article{Rueckl1988,
abstract = {UNIT, Social Exclusion. Making the connections: transport and social exclusion. Social Exclusion Unit, The Stationery Office, London, 2003.},
author = {Rueckl, Jay G.},
doi = {10.1017/S0140525X00052705},
file = {:C$\backslash$:/Users/Eugeni/AppData/Local/Mendeley Ltd./Mendeley Desktop/Downloaded/Rueckl - 1988 - Making the connections.pdf:pdf},
isbn = {9780738019857},
issn = {0140-525X},
journal = {Behavioral and Brain Sciences},
number = {01},
pages = {50},
title = {{Making the connections}},
volume = {11},
year = {1988}
}
