Automatically generated by Mendeley Desktop 1.17.11
Any changes to this file will be lost if it is regenerated by Mendeley.

BibTeX export options can be customized via Options -> BibTeX in Mendeley Desktop

@article{Scherrer2009,
author = {Scherrer, Pascal and Alonso, Abel and Sheridan, Lynnaire},
file = {:C$\backslash$:/Users/Eugeni/AppData/Local/Mendeley Ltd./Mendeley Desktop/Downloaded/Scherrer, Alonso, Sheridan - 2009 - Expanding the destination image wine tourism in the Canary Islands. EBSCOhost.pdf:pdf},
keywords = {areas of concern,local produce,mass tourism,winery operators,yield},
number = {December 2008},
pages = {451--463},
title = {{Expanding the destination image: wine tourism in the Canary Islands.: EBSCOhost}},
url = {http://web.a.ebscohost.com/ehost/pdfviewer/pdfviewer?vid=14{\&}sid=9f5092b0-cf1f-42d1-990d-80f70b71acb7{\%}40sessionmgr4009},
volume = {463},
year = {2009}
}
