Automatically generated by Mendeley Desktop 1.17.11
Any changes to this file will be lost if it is regenerated by Mendeley.

BibTeX export options can be customized via Options -> BibTeX in Mendeley Desktop

@article{SeattleDepartmentofTransportation2014,
author = {{Seattle Department of Transportation}},
file = {:C$\backslash$:/Users/Eugeni/AppData/Local/Mendeley Ltd./Mendeley Desktop/Downloaded/Seattle Department of Transportation - 2014 - Seattle Bicycle Master Plan.pdf:pdf},
number = {April},
pages = {1--130},
title = {{Seattle Bicycle Master Plan}},
year = {2014}
}
