Automatically generated by Mendeley Desktop 1.17.11
Any changes to this file will be lost if it is regenerated by Mendeley.

BibTeX export options can be customized via Options -> BibTeX in Mendeley Desktop

@article{Spiekermann2006,
author = {Spiekermann, Klaus},
file = {:C$\backslash$:/Users/Eugeni/AppData/Local/Mendeley Ltd./Mendeley Desktop/Downloaded/Spiekermann - 2006 - Measuring Accessibility.pdf:pdf},
number = {April},
pages = {1--6},
title = {{Measuring Accessibility}},
year = {2006}
}
