Automatically generated by Mendeley Desktop 1.17.11
Any changes to this file will be lost if it is regenerated by Mendeley.

BibTeX export options can be customized via Options -> BibTeX in Mendeley Desktop

@article{Statistics2014,
abstract = {This report assesses cycling to work by residents of England and Wales using the results of the 2011 Census. Changes since 2001 are analysed, while cycling by workers resident in London is compared to cycling by workers resident in the rest of England and Wales. The characteristics of people cycling to work are also assessed including age, sex and distance travelled to work.},
author = {Statistics, Office for National},
file = {:C$\backslash$:/Users/Eugeni/AppData/Local/Mendeley Ltd./Mendeley Desktop/Downloaded/Statistics - 2014 - 2011 Census Analysis - Cycling to Work.pdf:pdf},
number = {March},
pages = {1--48},
title = {{2011 Census Analysis - Cycling to Work}},
year = {2014}
}
