Automatically generated by Mendeley Desktop 1.17.11
Any changes to this file will be lost if it is regenerated by Mendeley.

BibTeX export options can be customized via Options -> BibTeX in Mendeley Desktop

@article{SteerDaviesGleave2012,
author = {{Steer Davies Gleave} and {Transport for London}},
file = {:C$\backslash$:/Users/Eugeni/AppData/Local/Mendeley Ltd./Mendeley Desktop/Downloaded/Steer Davies Gleave, Transport for London - 2012 - Cycle route choice - Final survey and model report.pdf:pdf},
keywords = {ATTITUDE,Route choice,STATED PREFERENCE METHODS},
number = {June},
title = {{Cycle route choice - Final survey and model report}},
volume = {44},
year = {2012}
}
