Automatically generated by Mendeley Desktop 1.17.11
Any changes to this file will be lost if it is regenerated by Mendeley.

BibTeX export options can be customized via Options -> BibTeX in Mendeley Desktop

@article{Steinbach2011a,
author = {Steinbach, R; and Green, J; and Datta, J; and Edwards, P},
file = {:C$\backslash$:/Users/Eugeni/AppData/Local/Mendeley Ltd./Mendeley Desktop/Downloaded/Guidelines, Attribution - 2011 - No Title.pdf:pdf},
title = {{Cycling and the city: a case study of how gendered, ethnic and class identities can shape healthy transport choices}},
volume = {72},
year = {2011}
}
