Automatically generated by Mendeley Desktop 1.17.11
Any changes to this file will be lost if it is regenerated by Mendeley.

BibTeX export options can be customized via Options -> BibTeX in Mendeley Desktop

@article{Stein2011,
author = {Stein, Samuel},
file = {:C$\backslash$:/Users/Eugeni/AppData/Local/Mendeley Ltd./Mendeley Desktop/Downloaded/Stein - 2011 - Bike Lanes and Gentrification.pdf:pdf},
journal = {Progressive Planning},
pages = {34--37},
title = {{Bike Lanes and Gentrification}},
year = {2011}
}
