Automatically generated by Mendeley Desktop 1.17.11
Any changes to this file will be lost if it is regenerated by Mendeley.

BibTeX export options can be customized via Options -> BibTeX in Mendeley Desktop

@article{Sturley2017,
author = {Sturley, Charlotte and Newing, Andy and Heppenstall, Alison},
doi = {10.1080/09593969.2017.1397046},
file = {:C$\backslash$:/Users/Eugeni/AppData/Local/Mendeley Ltd./Mendeley Desktop/Downloaded/Sturley, Newing, Heppenstall - 2017 - Evaluating the potential of agent-based modelling to capture consumer grocery retail store choice.pdf:pdf},
issn = {0959-3969},
journal = {The International Review of Retail, Distribution and Consumer Research},
keywords = {Agent-based modelling,consumer behaviour,grocery retail,spatial interaction model,store choice},
number = {November},
pages = {1--20},
publisher = {Routledge},
title = {{Evaluating the potential of agent-based modelling to capture consumer grocery retail store choice behaviours}},
url = {http://www.tandfonline.com/action/journalInformation?journalCode=rirr20},
volume = {3969},
year = {2017}
}
