Automatically generated by Mendeley Desktop 1.17.11
Any changes to this file will be lost if it is regenerated by Mendeley.

BibTeX export options can be customized via Options -> BibTeX in Mendeley Desktop

@article{Technology,
author = {Technology, Advanced and Program, Education},
file = {:C$\backslash$:/Users/Eugeni/AppData/Local/Mendeley Ltd./Mendeley Desktop/Downloaded/Technology, Program - Unknown - Focus groups.pdf:pdf},
pages = {1--25},
title = {{Focus groups}}
}
