Automatically generated by Mendeley Desktop 1.17.11
Any changes to this file will be lost if it is regenerated by Mendeley.

BibTeX export options can be customized via Options -> BibTeX in Mendeley Desktop

@techreport{TfL2015,
author = {TfL},
file = {:C$\backslash$:/Users/Eugeni/AppData/Local/Mendeley Ltd./Mendeley Desktop/Downloaded/TfL - 2015 - Travel in London understanding our diverse communities A summary of existing research Contents.pdf:pdf},
keywords = {BAME,Disability,LGBT,Low income,Women,Younger and older people},
pages = {1--330},
title = {{Travel in London : understanding our diverse communities A summary of existing research Contents}},
url = {http://content.tfl.gov.uk/travel-in-london-understanding-our-diverse-communities.pdf},
year = {2015}
}
