Automatically generated by Mendeley Desktop 1.17.11
Any changes to this file will be lost if it is regenerated by Mendeley.

BibTeX export options can be customized via Options -> BibTeX in Mendeley Desktop

@article{The2011,
author = {The, From and For, Centers and Control, Disease},
file = {:C$\backslash$:/Users/Eugeni/AppData/Local/Mendeley Ltd./Mendeley Desktop/Downloaded/The, For, Control - 2011 - Barriers to Children School — United.pdf:pdf},
number = {17},
pages = {16--17},
title = {{Barriers to Children School — United}},
volume = {294},
year = {2011}
}
