Automatically generated by Mendeley Desktop 1.17.11
Any changes to this file will be lost if it is regenerated by Mendeley.

BibTeX export options can be customized via Options -> BibTeX in Mendeley Desktop

@article{TransportforLondon2017,
author = {TfL},
file = {:C$\backslash$:/Users/Eugeni/AppData/Local/Mendeley Ltd./Mendeley Desktop/Downloaded/Transport for London - 2017 - Strategic Cycling Analysis.pdf:pdf},
institution = {Mayor of London},
journal = {Mayor of London},
number = {June},
title = {{Strategic Cycling Analysis: Identifying future cycling demand in London}},
url = {http://content.tfl.gov.uk/strategic-cycling-analysis.pdf},
year = {2017}
}
