Automatically generated by Mendeley Desktop 1.17.11
Any changes to this file will be lost if it is regenerated by Mendeley.

BibTeX export options can be customized via Options -> BibTeX in Mendeley Desktop

@article{TransportforLondon2013,
author = {{Transport for London}},
file = {:C$\backslash$:/Users/Eugeni/AppData/Local/Mendeley Ltd./Mendeley Desktop/Downloaded/Transport for London - 2013 - The Mayor's Vision for Cycling In London - An Olympic Legacy for all Londoners.pdf:pdf},
journal = {Transport},
pages = {33},
title = {{The Mayor's Vision for Cycling In London - An Olympic Legacy for all Londoners}},
year = {2013}
}
