Automatically generated by Mendeley Desktop 1.17.11
Any changes to this file will be lost if it is regenerated by Mendeley.

BibTeX export options can be customized via Options -> BibTeX in Mendeley Desktop

@article{Tsiotsou2012a,
author = {Tsiotsou, RH and Goldsmith, RE},
file = {:C$\backslash$:/Users/Eugeni/AppData/Local/Mendeley Ltd./Mendeley Desktop/Downloaded/Tsiotsou, Goldsmith - 2012 - Target Marketing and Its Application to Tourism.pdf:pdf},
isbn = {9781780520704},
pages = {1--15},
title = {{Target Marketing and Its Application to Tourism}},
url = {https://www.researchgate.net/publication/264097013{\_}Target{\_}Marketing{\_}and{\_}its{\_}Application{\_}to{\_}Tourism},
year = {2012}
}
