Automatically generated by Mendeley Desktop 1.17.11
Any changes to this file will be lost if it is regenerated by Mendeley.

BibTeX export options can be customized via Options -> BibTeX in Mendeley Desktop

@phdthesis{Ullmer2015,
author = {Ullmer, Michael and Miller, Donald},
file = {:C$\backslash$:/Users/Eugeni/AppData/Local/Mendeley Ltd./Mendeley Desktop/Downloaded/Ullmer, Miller - 2015 - An equity analysis of the 2014 Seattle Bicycle Master Plan initial findings and recommended methods improvements.pdf:pdf},
school = {University of Washington},
title = {{An equity analysis of the 2014 Seattle Bicycle Master Plan: initial findings and recommended methods improvements (Doctoral dissertation)}},
url = {https://digital.lib.washington.edu/researchworks/bitstream/handle/1773/34195/Ullmer{\_}washington{\_}0250O{\_}14613.pdf?sequence=1{\&}isAllowed=y},
year = {2015}
}
